
    <record type="Bibliographic">
        <leader>01435nam a2200361 c 4500</leader>
        <controlfield tag="001">999460560</controlfield>
        <controlfield tag="003">DE-101</controlfield>
        <controlfield tag="005">20110505085503.0</controlfield>
        <controlfield tag="007">cr||||||||||||</controlfield>
        <controlfield tag="008">100112s1913 gw |||||o|||| 00||||ger </controlfield>
        <datafield tag="015" ind1=" " ind2=" ">
            <subfield code="a">10,O10</subfield>
            <subfield code="2">dnb</subfield>
        </datafield>
        <datafield tag="016" ind1="7" ind2=" ">
            <subfield code="2">DE-101</subfield>
            <subfield code="a">999460560</subfield>
        </datafield>
        <datafield tag="024" ind1="7" ind2=" ">
            <subfield code="2">urn</subfield>
            <subfield code="a">urn:nbn:de:101:2-2010011268</subfield>
        </datafield>
        <datafield tag="035" ind1=" " ind2=" ">
            <subfield code="a">(DE-599)DNB999460560</subfield>
        </datafield>
        <datafield tag="040" ind1=" " ind2=" ">
            <subfield code="a">1140</subfield>
            <subfield code="b">ger</subfield>
            <subfield code="c">DE-101</subfield>
            <subfield code="d">1141</subfield>
            <subfield code="e">rakwb</subfield>
        </datafield>
        <datafield tag="041" ind1=" " ind2=" ">
            <subfield code="a">ger</subfield>
        </datafield>
        <datafield tag="044" ind1=" " ind2=" ">
            <subfield code="c">XA-DE</subfield>
        </datafield>
        <datafield tag="084" ind1=" " ind2=" ">
            <subfield code="a">830</subfield>
            <subfield code="a">B</subfield>
            <subfield code="q">DE-101</subfield>
            <subfield code="2">sdnb</subfield>
        </datafield>
        <datafield tag="100" ind1="1" ind2=" ">
            <subfield code="0">(DE-588)118557211</subfield>
            <subfield code="0">(DE-101)118557211</subfield>
            <subfield code="a">Paul, Jean</subfield>
            <subfield code="d">1763-1825</subfield>
            <subfield code="4">aut</subfield>
        </datafield>
        <datafield tag="245" ind1="1" ind2="0">
            <subfield code="a">Leben des vergnügten Schulmeisterlein Maria Wuz in
                Auenthal</subfield>
            <subfield code="h">[Elektronische Ressource]</subfield>
            <subfield code="c">Jean Paul</subfield>
        </datafield>
        <datafield tag="260" ind1="3" ind2=" ">
            <subfield code="a">Leipzig</subfield>
            <subfield code="b">Insel-Verl.</subfield>
            <subfield code="c">1913, [1913]</subfield>
        </datafield>
        <datafield tag="300" ind1=" " ind2=" ">
            <subfield code="a">51 S.</subfield>
        </datafield>
        <datafield tag="490" ind1="1" ind2=" ">
            <subfield code="a">Insel-Bücherei</subfield>
            <subfield code="v">Nr. 51</subfield>
        </datafield>
        <datafield tag="500" ind1=" " ind2=" ">
            <subfield code="a">In Fraktur</subfield>
        </datafield>
        <datafield tag="530" ind1=" " ind2=" ">
            <subfield code="a">Online-Ausg.:</subfield>
        </datafield>
        <datafield tag="533" ind1=" " ind2=" ">
            <subfield code="7">s2010uuuu</subfield>
            <subfield code="b">Leipzig ; Frankfurt, M. ; Berlin</subfield>
            <subfield code="c">Dt. Nationalbibliothek</subfield>
            <subfield code="d">2010</subfield>
            <subfield code="e">Online-Ressource</subfield>
            <subfield code="n">[Online-Ausg.]</subfield>
        </datafield>
        <datafield tag="583" ind1="1" ind2=" ">
            <subfield code="a">Langzeitarchivierung gewährleistet</subfield>
            <subfield code="i">LZA</subfield>
        </datafield>
        <datafield tag="775" ind1="0" ind2="8">
            <subfield code="i">Druckausg.</subfield>
            <subfield code="a">Paul, Jean</subfield>
            <subfield code="t">Leben des vergnügten Schulmeisterlein Maria Wuz in
                Auenthal</subfield>
            <subfield code="w">(DE-101)362012237</subfield>
        </datafield>
        <datafield tag="830" ind1=" " ind2="0">
            <subfield code="a">Insel-Bücherei</subfield>
            <subfield code="v">Nr. 51</subfield>
            <subfield code="w">(DE-101)014538970</subfield>
            <subfield code="w">(DE-600)842411-1</subfield>
            <subfield code="9">251</subfield>
        </datafield>
        <datafield tag="856" ind1="4" ind2="0">
            <subfield code="u">http://nbn-resolving.de/urn:nbn:de:101:2-2010011268</subfield>
            <subfield code="x">Resolving-System</subfield>
        </datafield>
        <datafield tag="856" ind1=" " ind2="0">
            <subfield code="u">http://d-nb.info/999460560/34</subfield>
            <subfield code="x">Langzeitarchivierung Nationalbibliothek</subfield>
        </datafield>
        <datafield tag="889" ind1=" " ind2=" ">
            <subfield code="w">(DE-101)1005978360</subfield>
        </datafield>
        <datafield tag="925" ind1="r" ind2=" ">
            <subfield code="a">ro</subfield>
            <subfield code="a">rb</subfield>
        </datafield>
    </record>