
    <record type="Bibliographic">
        <leader>01819nam a2200421 c 4500</leader>
        <controlfield tag="001">1011131463</controlfield>
        <controlfield tag="003">DE-101</controlfield>
        <controlfield tag="005">20111116185318.0</controlfield>
        <controlfield tag="007">cr||||||||||||</controlfield>
        <controlfield tag="008">110419s2010 gw |||||om||| 00||||ger </controlfield>
        <datafield tag="015" ind1=" " ind2=" ">
            <subfield code="a">11,O05</subfield>
            <subfield code="2">dnb</subfield>
        </datafield>
        <datafield tag="016" ind1="7" ind2=" ">
            <subfield code="2">DE-101</subfield>
            <subfield code="a">1011131463</subfield>
        </datafield>
        <datafield tag="024" ind1="7" ind2=" ">
            <subfield code="2">urn</subfield>
            <subfield code="a">urn:nbn:de:bsz:93-opus-58459</subfield>
        </datafield>
        <datafield tag="035" ind1=" " ind2=" ">
            <subfield code="a">(DE-599)DNB1011131463</subfield>
        </datafield>
        <datafield tag="040" ind1=" " ind2=" ">
            <subfield code="a">1240</subfield>
            <subfield code="b">ger</subfield>
            <subfield code="c">DE-101</subfield>
            <subfield code="d">9999</subfield>
            <subfield code="e">rakwb</subfield>
        </datafield>
        <datafield tag="041" ind1=" " ind2=" ">
            <subfield code="a">ger</subfield>
        </datafield>
        <datafield tag="044" ind1=" " ind2=" ">
            <subfield code="c">XA-DE</subfield>
        </datafield>
        <datafield tag="082" ind1="0" ind2="4">
            <subfield code="8">1\x</subfield>
            <subfield code="a">338.47629222011</subfield>
            <subfield code="q">DE-101</subfield>
            <subfield code="2">22/ger</subfield>
        </datafield>
        <datafield tag="084" ind1=" " ind2=" ">
            <subfield code="a">330</subfield>
            <subfield code="a">620</subfield>
            <subfield code="q">DE-101</subfield>
            <subfield code="2">sdnb</subfield>
        </datafield>
        <datafield tag="085" ind1=" " ind2=" ">
            <subfield code="8">1\x</subfield>
            <subfield code="b">338.47</subfield>
        </datafield>
        <datafield tag="085" ind1=" " ind2=" ">
            <subfield code="8">1\x</subfield>
            <subfield code="s">629.222</subfield>
        </datafield>
        <datafield tag="085" ind1=" " ind2=" ">
            <subfield code="8">1\x</subfield>
            <subfield code="z">1</subfield>
            <subfield code="s">011</subfield>
        </datafield>
        <datafield tag="088" ind1=" " ind2=" ">
            <subfield code="a">DLR-FB-2010-26</subfield>
        </datafield>
        <datafield tag="100" ind1="1" ind2=" ">
            <subfield code="0">(DE-588)143070851</subfield>
            <subfield code="0">(DE-101)143070851</subfield>
            <subfield code="a">Mock, Peter</subfield>
            <subfield code="d">1981-</subfield>
            <subfield code="4">aut</subfield>
        </datafield>
        <datafield tag="245" ind1="1" ind2="0">
            <subfield code="a">Entwicklung eines Szenariomodells zur Simulation der zukünftigen
                Marktanteile und CO_1tn2-Emissionen von Kraftfahrzeugen (VECTOR21)</subfield>
            <subfield code="h">[Elektronische Ressource]</subfield>
            <subfield code="c">Peter Mock</subfield>
        </datafield>
        <datafield tag="260" ind1="3" ind2=" ">
            <subfield code="a">Köln</subfield>
            <subfield code="b">DLR, Bibliotheks- und Informationswesen</subfield>
            <subfield code="c">2010</subfield>
        </datafield>
        <datafield tag="260" ind1="3" ind2=" ">
            <subfield code="a">[Stuttgart]</subfield>
            <subfield code="b">[Univ.-Bibliothek]</subfield>
        </datafield>
        <datafield tag="300" ind1=" " ind2=" ">
            <subfield code="a">XX, 224 S.</subfield>
            <subfield code="b">graph. Darst.</subfield>
            <subfield code="c">21 cm</subfield>
        </datafield>
        <datafield tag="490" ind1="1" ind2=" ">
            <subfield code="a">Forschungsbericht / Deutsches Zentrum für Luft- und
                Raumfahrt</subfield>
            <subfield code="v">2010,26</subfield>
        </datafield>
        <datafield tag="502" ind1=" " ind2=" ">
            <subfield code="a">Zugl.: Stuttgart, Univ., Diss., 2010</subfield>
        </datafield>
        <datafield tag="530" ind1=" " ind2=" ">
            <subfield code="a">Online-Ausg.:</subfield>
        </datafield>
        <datafield tag="533" ind1=" " ind2=" ">
            <subfield code="7">s2011uuuu</subfield>
            <subfield code="d">2011, [2011]</subfield>
            <subfield code="e">Online-Ressource</subfield>
            <subfield code="n">[Online-Ausg.]</subfield>
        </datafield>
        <datafield tag="583" ind1="1" ind2=" ">
            <subfield code="a">Langzeitarchivierung gewährleistet</subfield>
            <subfield code="i">LZA</subfield>
        </datafield>
        <datafield tag="810" ind1="2" ind2=" ">
            <subfield code="a">Deutsches Zentrum für Luft- und Raumfahrt</subfield>
            <subfield code="g">Köln</subfield>
            <subfield code="4">aut</subfield>
            <subfield code="t">Forschungsbericht</subfield>
            <subfield code="v">2010,26</subfield>
            <subfield code="w">(DE-101)019035705</subfield>
            <subfield code="w">(DE-600)1408820-4</subfield>
            <subfield code="9">42010 226</subfield>
        </datafield>
        <datafield tag="856" ind1="4" ind2="0">
            <subfield code="u">http://nbn-resolving.de/urn:nbn:de:bsz:93-opus-58459</subfield>
            <subfield code="x">Resolving-System</subfield>
        </datafield>
        <datafield tag="856" ind1=" " ind2="0">
            <subfield code="u">http://d-nb.info/1011131463/34</subfield>
            <subfield code="x">Langzeitarchivierung Nationalbibliothek</subfield>
        </datafield>
        <datafield tag="856" ind1="4" ind2=" ">
            <subfield code="q">application/pdf</subfield>
            <subfield code="u">http://elib.uni-stuttgart.de/opus/volltexte/2011/5845/</subfield>
            <subfield code="x">Verlag</subfield>
            <subfield code="z">kostenfrei</subfield>
        </datafield>
        <datafield tag="925" ind1="r" ind2=" ">
            <subfield code="a">ro</subfield>
            <subfield code="a">rb</subfield>
        </datafield>
    </record>