
    <record type="Bibliographic">
        <leader>02831nam a2200565 c 4500</leader>
        <controlfield tag="001">954307534</controlfield>
        <controlfield tag="003">DE-101</controlfield>
        <controlfield tag="005">20111116190501.0</controlfield>
        <controlfield tag="007">cr||||||||||||</controlfield>
        <controlfield tag="008">980806s1998 gw |||||om||| 00||||ger </controlfield>
        <datafield tag="015" ind1=" " ind2=" ">
            <subfield code="a">00,H05,0381</subfield>
            <subfield code="2">dnb</subfield>
        </datafield>
        <datafield tag="016" ind1="7" ind2=" ">
            <subfield code="2">DE-101</subfield>
            <subfield code="a">954307534</subfield>
        </datafield>
        <datafield tag="024" ind1="7" ind2=" ">
            <subfield code="2">urn</subfield>
            <subfield code="a">urn:nbn:de:gbv:089-2455540417</subfield>
        </datafield>
        <datafield tag="035" ind1=" " ind2=" ">
            <subfield code="a">(DE-599)DNB954307534</subfield>
        </datafield>
        <datafield tag="035" ind1=" " ind2=" ">
            <subfield code="a">(OCoLC)722734204</subfield>
        </datafield>
        <datafield tag="040" ind1=" " ind2=" ">
            <subfield code="a">1230</subfield>
            <subfield code="b">ger</subfield>
            <subfield code="c">DE-101</subfield>
            <subfield code="d">9999</subfield>
            <subfield code="e">rakwb</subfield>
        </datafield>
        <datafield tag="041" ind1=" " ind2=" ">
            <subfield code="a">ger</subfield>
        </datafield>
        <datafield tag="044" ind1=" " ind2=" ">
            <subfield code="c">XA-DE</subfield>
        </datafield>
        <datafield tag="084" ind1=" " ind2=" ">
            <subfield code="a">28</subfield>
            <subfield code="a">29</subfield>
            <subfield code="a">30</subfield>
            <subfield code="a">004</subfield>
            <subfield code="q">DE-101</subfield>
            <subfield code="2">sdnb</subfield>
        </datafield>
        <datafield tag="084" ind1=" " ind2=" ">
            <subfield code="a">21.5</subfield>
            <subfield code="a">31.1d</subfield>
            <subfield code="a">30</subfield>
            <subfield code="a">30</subfield>
            <subfield code="a">21.5</subfield>
            <subfield code="a">31.1d</subfield>
            <subfield code="q">DE-101</subfield>
            <subfield code="2">sswd</subfield>
        </datafield>
        <datafield tag="245" ind1="1" ind2="0">
            <subfield code="a">Charakterisierung poröser Medien mit Hilfe der digitalen
                Bildverarbeitung</subfield>
            <subfield code="h">[Elektronische Ressource]</subfield>
            <subfield code="b">Methoden der Bildgewinnung und -auswertung</subfield>
            <subfield code="c"> von Roland Scharfenberg</subfield>
        </datafield>
        <datafield tag="502" ind1=" " ind2=" ">
            <subfield code="a">Hannover, Univ., Diss., 1998</subfield>
        </datafield>
        <datafield tag="650" ind1=" " ind2="7">
            <subfield code="0">(DE-588)4046811-2</subfield>
            <subfield code="0">(DE-101)040468119</subfield>
            <subfield code="a">Poröser Stoff</subfield>
            <subfield code="2">gnd</subfield>
        </datafield>
        <datafield tag="650" ind1=" " ind2="7">
            <subfield code="0">(DE-588)4006684-8</subfield>
            <subfield code="0">(DE-101)040066843</subfield>
            <subfield code="a">Bildverarbeitung</subfield>
            <subfield code="2">gnd</subfield>
        </datafield>
        <datafield tag="650" ind1=" " ind2="7">
            <subfield code="0">(DE-588)4150634-0</subfield>
            <subfield code="0">(DE-101)041506340</subfield>
            <subfield code="a">Dreidimensionale Rekonstruktion</subfield>
            <subfield code="2">gnd</subfield>
        </datafield>
        <datafield tag="650" ind1=" " ind2="7">
            <subfield code="0">(DE-588)4046811-2</subfield>
            <subfield code="0">(DE-101)040468119</subfield>
            <subfield code="a">Poröser Stoff</subfield>
            <subfield code="2">gnd</subfield>
        </datafield>
        <datafield tag="650" ind1=" " ind2="7">
            <subfield code="0">(DE-588)4039238-7</subfield>
            <subfield code="0">(DE-101)040392384</subfield>
            <subfield code="a">Mikroskopie</subfield>
            <subfield code="2">gnd</subfield>
        </datafield>
        <datafield tag="650" ind1=" " ind2="7">
            <subfield code="0">(DE-588)4254740-4</subfield>
            <subfield code="0">(DE-101)042547407</subfield>
            <subfield code="a">Grauwertbild</subfield>
            <subfield code="2">gnd</subfield>
        </datafield>
        <datafield tag="650" ind1=" " ind2="7">
            <subfield code="0">(DE-588)4403014-9</subfield>
            <subfield code="0">(DE-101)94696193X</subfield>
            <subfield code="a">Vorverarbeitung</subfield>
            <subfield code="2">gnd</subfield>
        </datafield>
        <datafield tag="650" ind1=" " ind2="7">
            <subfield code="0">(DE-588)4150634-0</subfield>
            <subfield code="0">(DE-101)041506340</subfield>
            <subfield code="a">Dreidimensionale Rekonstruktion</subfield>
            <subfield code="2">gnd</subfield>
        </datafield>
        <datafield tag="650" ind1=" " ind2="7">
            <subfield code="0">(DE-588)4145394-3</subfield>
            <subfield code="0">(DE-101)041453948</subfield>
            <subfield code="a">Bildauswertung</subfield>
            <subfield code="2">gnd</subfield>
        </datafield>
        <datafield tag="655" ind1=" " ind2="7">
            <subfield code="a">Online-Publikation</subfield>
            <subfield code="2">gnd</subfield>
        </datafield>
        <datafield tag="689" ind1="0" ind2="0">
            <subfield code="0">(DE-588)4046811-2</subfield>
            <subfield code="0">(DE-101)040468119</subfield>
            <subfield code="D">s</subfield>
            <subfield code="a">Poröser Stoff</subfield>
        </datafield>
        <datafield tag="689" ind1="0" ind2="1">
            <subfield code="0">(DE-588)4006684-8</subfield>
            <subfield code="0">(DE-101)040066843</subfield>
            <subfield code="D">s</subfield>
            <subfield code="a">Bildverarbeitung</subfield>
        </datafield>
        <datafield tag="689" ind1="0" ind2="2">
            <subfield code="0">(DE-588)4150634-0</subfield>
            <subfield code="0">(DE-101)041506340</subfield>
            <subfield code="D">s</subfield>
            <subfield code="a">Dreidimensionale Rekonstruktion</subfield>
        </datafield>
        <datafield tag="689" ind1="0" ind2="3">
            <subfield code="A">f</subfield>
            <subfield code="a">Online-Publikation</subfield>
        </datafield>
        <datafield tag="689" ind1="0" ind2=" ">
            <subfield code="5">DE-101</subfield>
            <subfield code="5">DE-101</subfield>
        </datafield>
        <datafield tag="689" ind1="1" ind2="0">
            <subfield code="0">(DE-588)4046811-2</subfield>
            <subfield code="0">(DE-101)040468119</subfield>
            <subfield code="D">s</subfield>
            <subfield code="a">Poröser Stoff</subfield>
        </datafield>
        <datafield tag="689" ind1="1" ind2="1">
            <subfield code="0">(DE-588)4039238-7</subfield>
            <subfield code="0">(DE-101)040392384</subfield>
            <subfield code="D">s</subfield>
            <subfield code="a">Mikroskopie</subfield>
        </datafield>
        <datafield tag="689" ind1="1" ind2="2">
            <subfield code="0">(DE-588)4254740-4</subfield>
            <subfield code="0">(DE-101)042547407</subfield>
            <subfield code="D">s</subfield>
            <subfield code="a">Grauwertbild</subfield>
        </datafield>
        <datafield tag="689" ind1="1" ind2="3">
            <subfield code="0">(DE-588)4403014-9</subfield>
            <subfield code="0">(DE-101)94696193X</subfield>
            <subfield code="D">s</subfield>
            <subfield code="a">Vorverarbeitung</subfield>
        </datafield>
        <datafield tag="689" ind1="1" ind2="4">
            <subfield code="0">(DE-588)4150634-0</subfield>
            <subfield code="0">(DE-101)041506340</subfield>
            <subfield code="D">s</subfield>
            <subfield code="a">Dreidimensionale Rekonstruktion</subfield>
        </datafield>
        <datafield tag="689" ind1="1" ind2="5">
            <subfield code="0">(DE-588)4145394-3</subfield>
            <subfield code="0">(DE-101)041453948</subfield>
            <subfield code="D">s</subfield>
            <subfield code="a">Bildauswertung</subfield>
        </datafield>
        <datafield tag="689" ind1="1" ind2=" ">
            <subfield code="5">DE-101</subfield>
            <subfield code="5">DE-101</subfield>
        </datafield>
        <datafield tag="700" ind1="1" ind2=" ">
            <subfield code="0">(DE-588)120402858</subfield>
            <subfield code="0">(DE-101)120402858</subfield>
            <subfield code="a">Scharfenberg, Roland</subfield>
            <subfield code="d">1970-</subfield>
            <subfield code="4">cre</subfield>
        </datafield>
        <datafield tag="775" ind1="0" ind2="8">
            <subfield code="i">Druckausg.</subfield>
            <subfield code="a">Scharfenberg, Roland</subfield>
            <subfield code="t">Charakterisierung poröser Medien mit Hilfe der digitalen
                Bildverarbeitung</subfield>
            <subfield code="w">(DE-101)958893225</subfield>
        </datafield>
        <datafield tag="856" ind1="4" ind2="0">
            <subfield code="u">http://nbn-resolving.de/urn:nbn:de:gbv:089-2455540417</subfield>
            <subfield code="x">Resolving-System</subfield>
        </datafield>
        <datafield tag="856" ind1=" " ind2="0">
            <subfield code="u">http://d-nb.info/954307534/34</subfield>
            <subfield code="x">Langzeitarchivierung Nationalbibliothek</subfield>
        </datafield>
        <datafield tag="856" ind1="4" ind2=" ">
            <subfield code="s">ca. 3,2 MB</subfield>
            <subfield code="u">http://edok01.tib.uni-hannover.de/edoks/e002/245554041.pdf</subfield>
        </datafield>
        <datafield tag="925" ind1="r" ind2=" ">
            <subfield code="a">rh</subfield>
        </datafield>
    </record>