
    <record type="Bibliographic">
        <leader>01786nam a2200397 c 4500</leader>
        <controlfield tag="001">999112503</controlfield>
        <controlfield tag="003">DE-101</controlfield>
        <controlfield tag="005">20101203170810.0</controlfield>
        <controlfield tag="007">cr||||||||||||</controlfield>
        <controlfield tag="008">091215s2010 ne |||||o|||| 10||||eng </controlfield>
        <datafield tag="015" ind1=" " ind2=" ">
            <subfield code="a">10,O01</subfield>
            <subfield code="2">dnb</subfield>
        </datafield>
        <datafield tag="016" ind1="7" ind2=" ">
            <subfield code="2">DE-101</subfield>
            <subfield code="a">999112503</subfield>
        </datafield>
        <datafield tag="020" ind1=" " ind2=" ">
            <subfield code="a">9789048134977</subfield>
            <subfield code="9">978-90-481-3497-7</subfield>
        </datafield>
        <datafield tag="024" ind1="7" ind2=" ">
            <subfield code="2">doi</subfield>
            <subfield code="a">10.1007/978-90-481-3497-7</subfield>
        </datafield>
        <datafield tag="024" ind1="7" ind2=" ">
            <subfield code="2">urn</subfield>
            <subfield code="a">urn:nbn:de:1111-20100730262</subfield>
        </datafield>
        <datafield tag="035" ind1=" " ind2=" ">
            <subfield code="a">(DE-599)DNB999112503</subfield>
        </datafield>
        <datafield tag="035" ind1=" " ind2=" ">
            <subfield code="a">(OCoLC)724073995</subfield>
        </datafield>
        <datafield tag="040" ind1=" " ind2=" ">
            <subfield code="a">1140</subfield>
            <subfield code="b">ger</subfield>
            <subfield code="c">DE-101</subfield>
            <subfield code="d">1141</subfield>
            <subfield code="e">rakwb</subfield>
        </datafield>
        <datafield tag="041" ind1=" " ind2=" ">
            <subfield code="a">eng</subfield>
        </datafield>
        <datafield tag="044" ind1=" " ind2=" ">
            <subfield code="c">XA-NL</subfield>
            <subfield code="c">XA-DE</subfield>
        </datafield>
        <datafield tag="084" ind1=" " ind2=" ">
            <subfield code="a">550</subfield>
            <subfield code="a">620</subfield>
            <subfield code="q">DE-101</subfield>
            <subfield code="2">sdnb</subfield>
        </datafield>
        <datafield tag="245" ind1="1" ind2="0">
            <subfield code="a">Water treatment technologies for the removal of high toxity
                pollutants</subfield>
            <subfield code="h">[Elektronische Ressource]</subfield>
            <subfield code="b">proceedings of the NATO Advanced Research Workshop on Water Treatment
                Technologies for the Removal of High Toxity Pollutants, Kosice, Slovak Republic, 13
                - 17 September 2008</subfield>
            <subfield code="c">ed. by Miroslava Václavíková ...</subfield>
        </datafield>
        <datafield tag="260" ind1="3" ind2=" ">
            <subfield code="a">Dordrecht</subfield>
            <subfield code="b">Springer</subfield>
            <subfield code="c">2010</subfield>
        </datafield>
        <datafield tag="260" ind1="3" ind2=" ">
            <subfield code="a">[Heidelberg]</subfield>
            <subfield code="b">Springer</subfield>
        </datafield>
        <datafield tag="300" ind1=" " ind2=" ">
            <subfield code="a">Online-Ressource</subfield>
        </datafield>
        <datafield tag="490" ind1="0" ind2=" ">
            <subfield code="a">NATO science for peace and security series : C</subfield>
        </datafield>
        <datafield tag="500" ind1=" " ind2=" ">
            <subfield code="a">Lizenzpflichtig</subfield>
        </datafield>
        <datafield tag="583" ind1="1" ind2=" ">
            <subfield code="a">Langzeitarchivierung gewährleistet</subfield>
            <subfield code="i">LZA</subfield>
        </datafield>
        <datafield tag="700" ind1="1" ind2=" ">
            <subfield code="0">(DE-588)140064370</subfield>
            <subfield code="0">(DE-101)140064370</subfield>
            <subfield code="a">Václavíková, Miroslava</subfield>
            <subfield code="4">cre</subfield>
        </datafield>
        <datafield tag="711" ind1="2" ind2=" ">
            <subfield code="0">(DE-588)16050296-2</subfield>
            <subfield code="0">(DE-101)999112082</subfield>
            <subfield code="a">Advanced Research Workshop on Water Treatment Technologies for the
                Removal of High Toxity Pollutants</subfield>
            <subfield code="d">2008</subfield>
            <subfield code="c">Košice</subfield>
        </datafield>
        <datafield tag="856" ind1="4" ind2="0">
            <subfield code="u">http://nbn-resolving.de/urn:nbn:de:1111-20100730262</subfield>
            <subfield code="x">Resolving-System</subfield>
        </datafield>
        <datafield tag="856" ind1=" " ind2="0">
            <subfield code="u">http://d-nb.info/999112503/34</subfield>
            <subfield code="x">Langzeitarchivierung Nationalbibliothek</subfield>
        </datafield>
        <datafield tag="856" ind1="4" ind2=" ">
            <subfield code="q">application/pdf</subfield>
            <subfield code="u">http://www.springerlink.com/content/j327h1/</subfield>
            <subfield code="x">Verlag</subfield>
        </datafield>
        <datafield tag="889" ind1=" " ind2=" ">
            <subfield code="w">(DE-101)1005188505</subfield>
        </datafield>
        <datafield tag="912" ind1=" " ind2=" ">
            <subfield code="a">ZDB-2-EES</subfield>
        </datafield>
        <datafield tag="925" ind1="r" ind2=" ">
            <subfield code="a">ro</subfield>
            <subfield code="a">ra</subfield>
        </datafield>
    </record>