
    <record type="Bibliographic">
        <leader>01488nam a2200373 c 4500</leader>
        <controlfield tag="001">999081810</controlfield>
        <controlfield tag="003">DE-101</controlfield>
        <controlfield tag="005">20100324171005.0</controlfield>
        <controlfield tag="007">cr||||||||||||</controlfield>
        <controlfield tag="008">091214s2010 ne |||||o|||| 00||||eng </controlfield>
        <datafield tag="015" ind1=" " ind2=" ">
            <subfield code="a">10,O01</subfield>
            <subfield code="2">dnb</subfield>
        </datafield>
        <datafield tag="016" ind1="7" ind2=" ">
            <subfield code="2">DE-101</subfield>
            <subfield code="a">999081810</subfield>
        </datafield>
        <datafield tag="020" ind1=" " ind2=" ">
            <subfield code="a">9789048134588</subfield>
            <subfield code="9">978-90-481-3458-8</subfield>
        </datafield>
        <datafield tag="024" ind1="7" ind2=" ">
            <subfield code="2">doi</subfield>
            <subfield code="a">10.1007/978-90-481-3458-8</subfield>
        </datafield>
        <datafield tag="024" ind1="7" ind2=" ">
            <subfield code="2">urn</subfield>
            <subfield code="a">urn:nbn:de:1111-20091214418</subfield>
        </datafield>
        <datafield tag="035" ind1=" " ind2=" ">
            <subfield code="a">(DE-599)DNB999081810</subfield>
        </datafield>
        <datafield tag="035" ind1=" " ind2=" ">
            <subfield code="a">(OCoLC)724064653</subfield>
        </datafield>
        <datafield tag="040" ind1=" " ind2=" ">
            <subfield code="a">1140</subfield>
            <subfield code="b">ger</subfield>
            <subfield code="c">DE-101</subfield>
            <subfield code="d">9999</subfield>
            <subfield code="e">rakwb</subfield>
        </datafield>
        <datafield tag="041" ind1=" " ind2=" ">
            <subfield code="a">eng</subfield>
        </datafield>
        <datafield tag="044" ind1=" " ind2=" ">
            <subfield code="c">XA-NL</subfield>
            <subfield code="c">XA-DE</subfield>
        </datafield>
        <datafield tag="084" ind1=" " ind2=" ">
            <subfield code="a">570</subfield>
            <subfield code="a">590</subfield>
            <subfield code="q">DE-101</subfield>
            <subfield code="2">sdnb</subfield>
        </datafield>
        <datafield tag="245" ind1="1" ind2="0">
            <subfield code="a">Chinese fishes</subfield>
            <subfield code="h">[Elektronische Ressource]</subfield>
            <subfield code="c">David L. G. Noakes ... ed.</subfield>
        </datafield>
        <datafield tag="260" ind1="3" ind2=" ">
            <subfield code="a">Dordrecht</subfield>
            <subfield code="a">Heidelberg</subfield>
            <subfield code="a">London</subfield>
            <subfield code="a">New York, NY</subfield>
            <subfield code="b">Springer</subfield>
            <subfield code="c">2010</subfield>
        </datafield>
        <datafield tag="300" ind1=" " ind2=" ">
            <subfield code="a">Online-Ressource</subfield>
        </datafield>
        <datafield tag="490" ind1="1" ind2=" ">
            <subfield code="a">Developments in environmental biology of fishes</subfield>
            <subfield code="v">28</subfield>
        </datafield>
        <datafield tag="500" ind1=" " ind2=" ">
            <subfield code="a">Aus: Environmental biology of fishes ; 86.2009. -
                Lizenzpflichtig</subfield>
        </datafield>
        <datafield tag="583" ind1="1" ind2=" ">
            <subfield code="a">Langzeitarchivierung gewährleistet</subfield>
            <subfield code="i">LZA</subfield>
        </datafield>
        <datafield tag="700" ind1="1" ind2=" ">
            <subfield code="0">(DE-588)136372287</subfield>
            <subfield code="0">(DE-101)136372287</subfield>
            <subfield code="a">Noakes, David L. G.</subfield>
            <subfield code="4">cre</subfield>
        </datafield>
        <datafield tag="830" ind1=" " ind2="0">
            <subfield code="a">Developments in environmental biology of fishes</subfield>
            <subfield code="v">28</subfield>
            <subfield code="w">(DE-101)987446320</subfield>
            <subfield code="w">(DE-600)2408622-8</subfield>
            <subfield code="9">228</subfield>
        </datafield>
        <datafield tag="856" ind1="4" ind2="0">
            <subfield code="u">http://nbn-resolving.de/urn:nbn:de:1111-20091214418</subfield>
            <subfield code="x">Resolving-System</subfield>
        </datafield>
        <datafield tag="856" ind1=" " ind2="0">
            <subfield code="u">http://d-nb.info/999081810/34</subfield>
            <subfield code="x">Langzeitarchivierung Nationalbibliothek</subfield>
        </datafield>
        <datafield tag="856" ind1="4" ind2=" ">
            <subfield code="q">application/pdf</subfield>
            <subfield code="u">http://www.springerlink.com/content/r5k24n/</subfield>
            <subfield code="x">Verlag</subfield>
        </datafield>
        <datafield tag="912" ind1=" " ind2=" ">
            <subfield code="a">ZDB-2-EES</subfield>
        </datafield>
        <datafield tag="925" ind1="r" ind2=" ">
            <subfield code="a">ro</subfield>
            <subfield code="a">ra</subfield>
        </datafield>
    </record>