
    <record type="Bibliographic">
        <leader>01727nam a2200349uc 4500</leader>
        <controlfield tag="001">1025134699</controlfield>
        <controlfield tag="003">DE-101</controlfield>
        <controlfield tag="005">20120816052907.0</controlfield>
        <controlfield tag="007">cr||||||||||||</controlfield>
        <controlfield tag="008">120815s2010 gw |||||om||| 00||||ger </controlfield>
        <datafield tag="015" ind1=" " ind2=" ">
            <subfield code="a">12,O09</subfield>
            <subfield code="2">dnb</subfield>
        </datafield>
        <datafield tag="016" ind1="7" ind2=" ">
            <subfield code="2">DE-101</subfield>
            <subfield code="a">1025134699</subfield>
        </datafield>
        <datafield tag="024" ind1="7" ind2=" ">
            <subfield code="2">urn</subfield>
            <subfield code="a">urn:nbn:de:gbv:3:4-4745</subfield>
        </datafield>
        <datafield tag="035" ind1=" " ind2=" ">
            <subfield code="a">(DE-599)DNB1025134699</subfield>
        </datafield>
        <datafield tag="040" ind1=" " ind2=" ">
            <subfield code="a">1140</subfield>
            <subfield code="b">ger</subfield>
            <subfield code="c">DE-101</subfield>
            <subfield code="d">9999</subfield>
        </datafield>
        <datafield tag="041" ind1=" " ind2=" ">
            <subfield code="a">ger</subfield>
        </datafield>
        <datafield tag="044" ind1=" " ind2=" ">
            <subfield code="c">XA-DE-ST</subfield>
        </datafield>
        <datafield tag="084" ind1=" " ind2=" ">
            <subfield code="a">610</subfield>
            <subfield code="q">DE-101</subfield>
            <subfield code="2">sdnb</subfield>
        </datafield>
        <datafield tag="100" ind1="1" ind2=" ">
            <subfield code="0">(DE-588)129567310</subfield>
            <subfield code="0">(DE-101)129567310</subfield>
            <subfield code="a">Schäfer, Juliane</subfield>
            <subfield code="4">aut</subfield>
        </datafield>
        <datafield tag="245" ind1="1" ind2="0">
            <subfield code="a">Der Einfluss von Enzym-induzierenden
                Antiepileptika auf den Talspiegel von Imatinib bei Patienten mit Glioblastoma
                multiforme</subfield>
            <subfield code="h">[Elektronische Ressource]</subfield>
            <subfield code="c">Juliane Schäfer. Betreuer: Eberhard Schleyer ; Hans-Joachim Schmoll
                ; M. Bornhäuser ; Hans-Joachim Schmoll</subfield>
        </datafield>
        <datafield tag="260" ind1="3" ind2=" ">
            <subfield code="a">Halle, Saale</subfield>
            <subfield code="b">Universitäts- und Landesbibliothek Sachsen-Anhalt</subfield>
            <subfield code="c">2010</subfield>
        </datafield>
        <datafield tag="300" ind1=" " ind2=" ">
            <subfield code="a">Online-Ressource</subfield>
        </datafield>
        <datafield tag="502" ind1=" " ind2=" ">
            <subfield code="a">Halle (Saale), Martin-Luther-Universität Halle-Wittenberg, Diss.,
                2010</subfield>
        </datafield>
        <datafield tag="583" ind1="1" ind2=" ">
            <subfield code="a">Langzeitarchivierung gewährleistet</subfield>
            <subfield code="i">LZA</subfield>
        </datafield>
        <datafield tag="700" ind1="1" ind2=" ">
            <subfield code="0">(DE-588)112470246</subfield>
            <subfield code="0">(DE-101)112470246</subfield>
            <subfield code="a">Schleyer, Eberhard</subfield>
            <subfield code="4">oth</subfield>
            <subfield code="e">Betreuer</subfield>
        </datafield>
        <datafield tag="700" ind1="1" ind2=" ">
            <subfield code="0">(DE-588)177355964</subfield>
            <subfield code="0">(DE-101)177355964</subfield>
            <subfield code="a">Schmoll, Hans-Joachim</subfield>
            <subfield code="4">oth</subfield>
            <subfield code="e">Betreuer</subfield>
        </datafield>
        <datafield tag="700" ind1="1" ind2=" ">
            <subfield code="0">(DE-588)1025148940</subfield>
            <subfield code="0">(DE-101)1025148940</subfield>
            <subfield code="a">Bornhäuser, M.</subfield>
            <subfield code="4">oth</subfield>
            <subfield code="e">Betreuer</subfield>
        </datafield>
        <datafield tag="700" ind1="1" ind2=" ">
            <subfield code="0">(DE-588)177355964</subfield>
            <subfield code="0">(DE-101)177355964</subfield>
            <subfield code="a">Schmoll, Hans-Joachim</subfield>
            <subfield code="4">oth</subfield>
            <subfield code="e">Betreuer</subfield>
        </datafield>
        <datafield tag="856" ind1="4" ind2="0">
            <subfield code="u">http://nbn-resolving.de/urn:nbn:de:gbv:3:4-4745</subfield>
            <subfield code="x">Resolving-System</subfield>
        </datafield>
        <datafield tag="856" ind1=" " ind2="0">
            <subfield code="u">http://d-nb.info/1025134699/34</subfield>
            <subfield code="x">Langzeitarchivierung Nationalbibliothek</subfield>
        </datafield>
        <datafield tag="856" ind1="4" ind2=" ">
            <subfield code="u">http://digital.bibliothek.uni-halle.de/urn/urn:nbn:de:gbv:3:4-4745</subfield>
            <subfield code="x">Verlag</subfield>
            <subfield code="z">kostenfrei</subfield>
        </datafield>
        <datafield tag="925" ind1="r" ind2=" ">
            <subfield code="a">ro</subfield>
            <subfield code="a">rh</subfield>
        </datafield>
    </record>