
    <record type="Bibliographic">
        <leader>01829nam a2200421 c 4500</leader>
        <controlfield tag="001">1000315134</controlfield>
        <controlfield tag="003">DE-101</controlfield>
        <controlfield tag="005">20111116181427.0</controlfield>
        <controlfield tag="007">cr||||||||||||</controlfield>
        <controlfield tag="008">100218s2009 gw |||||om||| 00||||ger </controlfield>
        <datafield tag="015" ind1=" " ind2=" ">
            <subfield code="a">10,O02</subfield>
            <subfield code="2">dnb</subfield>
        </datafield>
        <datafield tag="016" ind1="7" ind2=" ">
            <subfield code="2">DE-101</subfield>
            <subfield code="a">1000315134</subfield>
        </datafield>
        <datafield tag="024" ind1="7" ind2=" ">
            <subfield code="2">urn</subfield>
            <subfield code="a">urn:nbn:de:hbz:38-28722</subfield>
        </datafield>
        <datafield tag="035" ind1=" " ind2=" ">
            <subfield code="a">(DE-599)DNB1000315134</subfield>
        </datafield>
        <datafield tag="040" ind1=" " ind2=" ">
            <subfield code="a">1140</subfield>
            <subfield code="b">ger</subfield>
            <subfield code="c">DE-101</subfield>
            <subfield code="d">9999</subfield>
            <subfield code="e">rakwb</subfield>
        </datafield>
        <datafield tag="041" ind1=" " ind2=" ">
            <subfield code="a">ger</subfield>
        </datafield>
        <datafield tag="044" ind1=" " ind2=" ">
            <subfield code="c">XA-DE</subfield>
        </datafield>
        <datafield tag="082" ind1="0" ind2="4">
            <subfield code="8">1\x</subfield>
            <subfield code="a">551.5113015118</subfield>
            <subfield code="q">DE-101</subfield>
            <subfield code="2">22/ger</subfield>
        </datafield>
        <datafield tag="084" ind1=" " ind2=" ">
            <subfield code="a">550</subfield>
            <subfield code="q">DE-101</subfield>
            <subfield code="2">sdnb</subfield>
        </datafield>
        <datafield tag="085" ind1=" " ind2=" ">
            <subfield code="8">1\x</subfield>
            <subfield code="b">551.5113</subfield>
        </datafield>
        <datafield tag="085" ind1=" " ind2=" ">
            <subfield code="8">1\x</subfield>
            <subfield code="s">511.8</subfield>
        </datafield>
        <datafield tag="085" ind1=" " ind2=" ">
            <subfield code="8">1\x</subfield>
            <subfield code="z">1</subfield>
            <subfield code="s">015</subfield>
        </datafield>
        <datafield tag="088" ind1=" " ind2=" ">
            <subfield code="a">DLR-FB-2009-16</subfield>
        </datafield>
        <datafield tag="100" ind1="1" ind2=" ">
            <subfield code="0">(DE-588)139791396</subfield>
            <subfield code="0">(DE-101)139791396</subfield>
            <subfield code="a">Schroedter-Homscheidt, Marion</subfield>
            <subfield code="d">1972-</subfield>
            <subfield code="4">aut</subfield>
        </datafield>
        <datafield tag="245" ind1="1" ind2="0">
            <subfield code="a">Beobachtungsoperator zur Assimilation satellitenbasierter Messungen
                verschiedener Aerosoltypen in ein Chemie-Transportmodell</subfield>
            <subfield code="h">[Elektronische Ressource]</subfield>
            <subfield code="c">Marion Schroedter-Homscheidt</subfield>
        </datafield>
        <datafield tag="260" ind1="3" ind2=" ">
            <subfield code="a">Köln</subfield>
            <subfield code="b">DLR, Bibliotheks- und Informationswesen</subfield>
            <subfield code="c">2009</subfield>
        </datafield>
        <datafield tag="300" ind1=" " ind2=" ">
            <subfield code="a">Online-Ressource</subfield>
        </datafield>
        <datafield tag="490" ind1="1" ind2=" ">
            <subfield code="a">Forschungsbericht / Deutsches Zentrum für Luft- und
                Raumfahrt</subfield>
            <subfield code="v">2009,16</subfield>
        </datafield>
        <datafield tag="502" ind1=" " ind2=" ">
            <subfield code="a">Zugl.: Köln, Univ., Diss., 2009</subfield>
        </datafield>
        <datafield tag="530" ind1=" " ind2=" ">
            <subfield code="a">Online-Ausg.:</subfield>
        </datafield>
        <datafield tag="533" ind1=" " ind2=" ">
            <subfield code="7">s2009uuuu</subfield>
            <subfield code="b">[Köln]</subfield>
            <subfield code="c">[Univ.-Bibliothek]</subfield>
            <subfield code="d">2009</subfield>
            <subfield code="n">[Online-Ausg.]</subfield>
        </datafield>
        <datafield tag="583" ind1="1" ind2=" ">
            <subfield code="a">Langzeitarchivierung gewährleistet</subfield>
            <subfield code="i">LZA</subfield>
        </datafield>
        <datafield tag="583" ind1="1" ind2=" ">
            <subfield code="a">Langzeitarchivierung gewährleistet</subfield>
            <subfield code="i">LZA</subfield>
        </datafield>
        <datafield tag="810" ind1="2" ind2=" ">
            <subfield code="a">Deutsches Zentrum für Luft- und Raumfahrt</subfield>
            <subfield code="g">Köln</subfield>
            <subfield code="4">aut</subfield>
            <subfield code="t">Forschungsbericht</subfield>
            <subfield code="v">2009,16</subfield>
            <subfield code="w">(DE-101)019035705</subfield>
            <subfield code="w">(DE-600)1408820-4</subfield>
            <subfield code="9">42009 216</subfield>
        </datafield>
        <datafield tag="856" ind1="4" ind2="0">
            <subfield code="u">http://nbn-resolving.de/urn:nbn:de:hbz:38-28722</subfield>
            <subfield code="x">Resolving-System</subfield>
        </datafield>
        <datafield tag="856" ind1=" " ind2="0">
            <subfield code="u">http://d-nb.info/1000315134/34</subfield>
            <subfield code="x">Langzeitarchivierung Nationalbibliothek</subfield>
        </datafield>
        <datafield tag="856" ind1="4" ind2=" ">
            <subfield code="q">application/pdf</subfield>
            <subfield code="u">http://kups.ub.uni-koeln.de/volltexte/2009/2872/index.html</subfield>
            <subfield code="x">Verlag</subfield>
            <subfield code="z">kostenfrei</subfield>
        </datafield>
        <datafield tag="925" ind1="r" ind2=" ">
            <subfield code="a">ro</subfield>
            <subfield code="a">rb</subfield>
        </datafield>
    </record>