
    <record type="Bibliographic">
        <leader>01712nam a2200445uc 4500</leader>
        <controlfield tag="001">1025374754</controlfield>
        <controlfield tag="003">DE-101</controlfield>
        <controlfield tag="005">20120824012852.0</controlfield>
        <controlfield tag="007">cr||||||||||||</controlfield>
        <controlfield tag="008">120823s2010 gw |||||o|||| 00||||ger </controlfield>
        <datafield tag="015" ind1=" " ind2=" ">
            <subfield code="a">12,O09</subfield>
            <subfield code="2">dnb</subfield>
        </datafield>
        <datafield tag="016" ind1="7" ind2=" ">
            <subfield code="2">DE-101</subfield>
            <subfield code="a">1025374754</subfield>
        </datafield>
        <datafield tag="020" ind1=" " ind2=" ">
            <subfield code="a">9783981393903</subfield>
            <subfield code="9">978-3-9813939-0-3</subfield>
        </datafield>
        <datafield tag="024" ind1="7" ind2=" ">
            <subfield code="2">urn</subfield>
            <subfield code="a">urn:nbn:de:101:1-2012082311717</subfield>
        </datafield>
        <datafield tag="035" ind1=" " ind2=" ">
            <subfield code="a">(DE-599)DNB1025374754</subfield>
        </datafield>
        <datafield tag="040" ind1=" " ind2=" ">
            <subfield code="a">1240</subfield>
            <subfield code="b">ger</subfield>
            <subfield code="c">DE-101</subfield>
            <subfield code="d">9999</subfield>
        </datafield>
        <datafield tag="041" ind1=" " ind2=" ">
            <subfield code="a">ger</subfield>
        </datafield>
        <datafield tag="044" ind1=" " ind2=" ">
            <subfield code="c">XA-DE-BW</subfield>
        </datafield>
        <datafield tag="084" ind1=" " ind2=" ">
            <subfield code="a">K</subfield>
            <subfield code="q">DE-101</subfield>
            <subfield code="2">sdnb</subfield>
        </datafield>
        <datafield tag="100" ind1="1" ind2=" ">
            <subfield code="0">(DE-588)141867167</subfield>
            <subfield code="0">(DE-101)141867167</subfield>
            <subfield code="a">Schmuker, Barbara</subfield>
            <subfield code="d">1970-</subfield>
            <subfield code="4">aut</subfield>
        </datafield>
        <datafield tag="245" ind1="1" ind2="0">
            <subfield code="a">Das kleine Schiff</subfield>
            <subfield code="h">[Elektronische Ressource]</subfield>
            <subfield code="b">Ein Kinderbuch vom See - eBook</subfield>
            <subfield code="c">Barbara Schmuker</subfield>
        </datafield>
        <datafield tag="250" ind1=" " ind2=" ">
            <subfield code="a">1. Aufl.</subfield>
        </datafield>
        <datafield tag="259" ind1=" " ind2=" ">
            <subfield code="a">11</subfield>
        </datafield>
        <datafield tag="260" ind1="3" ind2=" ">
            <subfield code="a">Überlingen</subfield>
            <subfield code="b">Reichert</subfield>
            <subfield code="c">2010</subfield>
        </datafield>
        <datafield tag="300" ind1=" " ind2=" ">
            <subfield code="a">Online-Ressource</subfield>
        </datafield>
        <datafield tag="500" ind1=" " ind2=" ">
            <subfield code="a">Lizenzpflichtig</subfield>
        </datafield>
        <datafield tag="583" ind1="1" ind2=" ">
            <subfield code="a">Langzeitarchivierung gewährleistet</subfield>
            <subfield code="i">LZA</subfield>
        </datafield>
        <datafield tag="650" ind1=" " ind2="7">
            <subfield code="0">(DE-588)4044820-4</subfield>
            <subfield code="0">(DE-101)040448207</subfield>
            <subfield code="a">Fahrgastschiff</subfield>
            <subfield code="2">gnd</subfield>
        </datafield>
        <datafield tag="651" ind1=" " ind2="7">
            <subfield code="0">(DE-588)4007403-1</subfield>
            <subfield code="0">(DE-101)04007403X</subfield>
            <subfield code="a">Bodensee</subfield>
            <subfield code="2">gnd</subfield>
        </datafield>
        <datafield tag="655" ind1=" " ind2="7">
            <subfield code="a">Bilderbuch</subfield>
            <subfield code="2">gnd</subfield>
        </datafield>
        <datafield tag="689" ind1="0" ind2="0">
            <subfield code="0">(DE-588)4007403-1</subfield>
            <subfield code="0">(DE-101)04007403X</subfield>
            <subfield code="D">g</subfield>
            <subfield code="a">Bodensee</subfield>
        </datafield>
        <datafield tag="689" ind1="0" ind2="1">
            <subfield code="0">(DE-588)4044820-4</subfield>
            <subfield code="0">(DE-101)040448207</subfield>
            <subfield code="D">s</subfield>
            <subfield code="a">Fahrgastschiff</subfield>
        </datafield>
        <datafield tag="689" ind1="0" ind2="2">
            <subfield code="A">f</subfield>
            <subfield code="a">Bilderbuch</subfield>
        </datafield>
        <datafield tag="689" ind1="0" ind2=" ">
            <subfield code="5">DE-101</subfield>
            <subfield code="5">DE-101</subfield>
        </datafield>
        <datafield tag="700" ind1="1" ind2=" ">
            <subfield code="0">(DE-588)141867248</subfield>
            <subfield code="0">(DE-101)141867248</subfield>
            <subfield code="a">Lohmann, Kristin</subfield>
            <subfield code="d">1976-</subfield>
            <subfield code="4">ill</subfield>
            <subfield code="e">Ill.</subfield>
        </datafield>
        <datafield tag="775" ind1="0" ind2="8">
            <subfield code="i">Druckausg.</subfield>
            <subfield code="a">Schmuker, Barbara</subfield>
            <subfield code="t">Das kleine Schiff</subfield>
            <subfield code="w">(DE-101)1004797664</subfield>
        </datafield>
        <datafield tag="856" ind1="4" ind2="0">
            <subfield code="u">http://nbn-resolving.de/urn:nbn:de:101:1-2012082311717</subfield>
            <subfield code="x">Resolving-System</subfield>
        </datafield>
        <datafield tag="856" ind1=" " ind2="0">
            <subfield code="u">http://d-nb.info/1025374754/34</subfield>
            <subfield code="x">Langzeitarchivierung Nationalbibliothek</subfield>
        </datafield>
        <datafield tag="856" ind1="4" ind2=" ">
            <subfield code="u">http://www.daskleineschiff.de</subfield>
            <subfield code="x">Verlag</subfield>
        </datafield>
        <datafield tag="925" ind1="r" ind2=" ">
            <subfield code="a">ro</subfield>
            <subfield code="a">ra</subfield>
        </datafield>
    </record>