
    <record type="Bibliographic">
        <leader>01845nam a2200457 c 4500</leader>
        <controlfield tag="001">997102462</controlfield>
        <controlfield tag="003">DE-101</controlfield>
        <controlfield tag="005">20111116211952.0</controlfield>
        <controlfield tag="007">cr||||||||||||</controlfield>
        <controlfield tag="008">090930s2009    gw |||||om||| 00||||ger  </controlfield>
        <datafield tag="015" ind1=" " ind2=" ">
            <subfield code="a">09,H11,3215</subfield>
            <subfield code="2">dnb</subfield>
        </datafield>
        <datafield tag="016" ind1="7" ind2=" ">
            <subfield code="2">DE-101</subfield>
            <subfield code="a">997102462</subfield>
        </datafield>
        <datafield tag="024" ind1="7" ind2=" ">
            <subfield code="2">urn</subfield>
            <subfield code="a">urn:nbn:de:kobv:83-opus-23241</subfield>
        </datafield>
        <datafield tag="035" ind1=" " ind2=" ">
            <subfield code="a">(DE-599)DNB997102462</subfield>
        </datafield>
        <datafield tag="035" ind1=" " ind2=" ">
            <subfield code="a">(OCoLC)724091202</subfield>
        </datafield>
        <datafield tag="040" ind1=" " ind2=" ">
            <subfield code="a">1140</subfield>
            <subfield code="b">ger</subfield>
            <subfield code="c">DE-101</subfield>
            <subfield code="d">9999</subfield>
            <subfield code="e">rakwb</subfield>
        </datafield>
        <datafield tag="041" ind1=" " ind2=" ">
            <subfield code="a">ger</subfield>
        </datafield>
        <datafield tag="044" ind1=" " ind2=" ">
            <subfield code="c">XA-DE</subfield>
        </datafield>
        <datafield tag="082" ind1="0" ind2="4">
            <subfield code="8">1\x</subfield>
            <subfield code="a">720.92</subfield>
            <subfield code="q">DE-101</subfield>
            <subfield code="2">22/ger</subfield>
        </datafield>
        <datafield tag="083" ind1="0" ind2=" ">
            <subfield code="8">2\x</subfield>
            <subfield code="a">720.1</subfield>
            <subfield code="q">DE-101</subfield>
            <subfield code="2">22/ger</subfield>
        </datafield>
        <datafield tag="083" ind1="7" ind2=" ">
            <subfield code="a">720</subfield>
            <subfield code="q">DE-101</subfield>
            <subfield code="2">22sdnb</subfield>
        </datafield>
        <datafield tag="083" ind1="7" ind2=" ">
            <subfield code="a">720</subfield>
            <subfield code="a">830</subfield>
            <subfield code="q">DE-101</subfield>
            <subfield code="2">22sdnb</subfield>
        </datafield>
        <datafield tag="084" ind1=" " ind2=" ">
            <subfield code="a">720</subfield>
            <subfield code="q">DE-101</subfield>
            <subfield code="2">sdnb</subfield>
        </datafield>
        <datafield tag="085" ind1=" " ind2=" ">
            <subfield code="8">1\x</subfield>
            <subfield code="b">720.9</subfield>
        </datafield>
        <datafield tag="085" ind1=" " ind2=" ">
            <subfield code="8">1\x</subfield>
            <subfield code="z">1</subfield>
            <subfield code="s">092</subfield>
        </datafield>
        <datafield tag="085" ind1=" " ind2=" ">
            <subfield code="8">2\x</subfield>
            <subfield code="b">720.1</subfield>
        </datafield>
        <datafield tag="100" ind1="1" ind2=" ">
            <subfield code="0">(DE-588)139336583</subfield>
            <subfield code="0">(DE-101)139336583</subfield>
            <subfield code="a">Büchsenschuß, Jan</subfield>
            <subfield code="4">aut</subfield>
        </datafield>
        <datafield tag="245" ind1="1" ind2="0">
            <subfield code="a">Goethe und die Architekturtheorie</subfield>
            <subfield code="h">[Elektronische Ressource]</subfield>
            <subfield code="c">vorgelegt von Jan Büchsenschuß</subfield>
        </datafield>
        <datafield tag="300" ind1=" " ind2=" ">
            <subfield code="a">Online-Ressource</subfield>
        </datafield>
        <datafield tag="502" ind1=" " ind2=" ">
            <subfield code="a">Berlin, Techn. Univ., Diss., 2009</subfield>
        </datafield>
        <datafield tag="583" ind1="1" ind2=" ">
            <subfield code="a">Langzeitarchivierung gewährleistet</subfield>
            <subfield code="i">LZA</subfield>
        </datafield>
        <datafield tag="600" ind1="1" ind2="7">
            <subfield code="0">(DE-588)118540238</subfield>
            <subfield code="0">(DE-101)118540238</subfield>
            <subfield code="a">Goethe, Johann Wolfgang von</subfield>
            <subfield code="d">1749-1832</subfield>
            <subfield code="2">gnd</subfield>
        </datafield>
        <datafield tag="650" ind1=" " ind2="7">
            <subfield code="0">(DE-588)4112587-3</subfield>
            <subfield code="0">(DE-101)041125878</subfield>
            <subfield code="a">Architekturtheorie</subfield>
            <subfield code="2">gnd</subfield>
        </datafield>
        <datafield tag="689" ind1="0" ind2="0">
            <subfield code="0">(DE-588)118540238</subfield>
            <subfield code="0">(DE-101)118540238</subfield>
            <subfield code="D">p</subfield>
            <subfield code="a">Goethe, Johann Wolfgang von</subfield>
            <subfield code="d">1749-1832</subfield>
        </datafield>
        <datafield tag="689" ind1="0" ind2="1">
            <subfield code="0">(DE-588)4112587-3</subfield>
            <subfield code="0">(DE-101)041125878</subfield>
            <subfield code="D">s</subfield>
            <subfield code="a">Architekturtheorie</subfield>
        </datafield>
        <datafield tag="689" ind1="0" ind2=" ">
            <subfield code="5">DE-101</subfield>
            <subfield code="5">DE-101</subfield>
        </datafield>
        <datafield tag="856" ind1="4" ind2="0">
            <subfield code="u">http://nbn-resolving.de/urn:nbn:de:kobv:83-opus-23241</subfield>
            <subfield code="x">Resolving-System</subfield>
        </datafield>
        <datafield tag="856" ind1=" " ind2="0">
            <subfield code="u">http://d-nb.info/997102462/34</subfield>
            <subfield code="x">Langzeitarchivierung Nationalbibliothek</subfield>
        </datafield>
        <datafield tag="856" ind1="4" ind2=" ">
            <subfield code="s">ca. 1,9 MB</subfield>
            <subfield code="u">http://opus.kobv.de/tuberlin/volltexte/2009/2324/pdf/buechsenschuss_jan.pdf</subfield>
            <subfield code="x">Verlag</subfield>
            <subfield code="z">kostenfrei</subfield>
        </datafield>
        <datafield tag="856" ind1="4" ind2=" ">
            <subfield code="u">http://opus.kobv.de/tuberlin/volltexte/2009/2324/</subfield>
            <subfield code="x">Verlag</subfield>
        </datafield>
        <datafield tag="925" ind1="r" ind2=" ">
            <subfield code="a">rh</subfield>
        </datafield>
    </record>
</collection>
